<collection xmlns="http://www.loc.gov/MARC21/slim">
   <record>
      <leader>03487cam a2200553 i 4500</leader>
      <controlfield tag="001">6799461</controlfield>
      <controlfield tag="003">OCoLC</controlfield>
      <controlfield tag="005">20150123042337.7</controlfield>
      <controlfield tag="006">m     o  d        </controlfield>
      <controlfield tag="007">cr cnu---unuuu</controlfield>
      <controlfield tag="008">141215t20152015paua    ob    000 0 eng  </controlfield>
      <datafield ind1=" " ind2=" " tag="020">
         <subfield code="a">9780323188333</subfield>
         <subfield code="q">electronic bk.</subfield>
      </datafield>
      <datafield ind1=" " ind2=" " tag="020">
         <subfield code="a">0323188338</subfield>
         <subfield code="q">electronic bk.</subfield>
      </datafield>
      <datafield ind1=" " ind2=" " tag="020">
         <subfield code="z">9780323188272 (hardback : alk. paper)</subfield>
      </datafield>
      <datafield ind1=" " ind2=" " tag="020">
         <subfield code="z">0323188273 (hardback : alk. paper)</subfield>
      </datafield>
      <datafield ind1=" " ind2=" " tag="035">
         <subfield code="a">ocn898151491</subfield>
      </datafield>
      <datafield ind1=" " ind2=" " tag="039">
         <subfield code="a">exclude</subfield>
      </datafield>
      <datafield ind1=" " ind2=" " tag="040">
         <subfield code="a">MMU</subfield>
         <subfield code="b">eng</subfield>
         <subfield code="e">rda</subfield>
         <subfield code="c">MMU</subfield>
         <subfield code="d">OCLCO</subfield>
         <subfield code="d">OPELS</subfield>
         <subfield code="d">AEU</subfield>
      </datafield>
      <datafield ind1="0" ind2="0" tag="050">
         <subfield code="a">RC280.G4</subfield>
      </datafield>
      <datafield ind1="1" ind2="0" tag="060">
         <subfield code="a">WJ 140</subfield>
      </datafield>
      <datafield ind1="0" ind2="4" tag="082">
         <subfield code="a">616.6</subfield>
         <subfield code="2">22</subfield>
      </datafield>
      <datafield ind1=" " ind2=" " tag="090">
         <subfield code="a">Internet Access</subfield>
         <subfield code="b">AEU</subfield>
      </datafield>
      <datafield ind1="0" ind2="0" tag="245">
         <subfield code="a">Genitourinary pathology /</subfield>
         <subfield code="c">[edited by] Ming Zhou, Cristina Magi-Galluzzi.</subfield>
      </datafield>
      <datafield ind1=" " ind2=" " tag="250">
         <subfield code="a">Second edition.</subfield>
      </datafield>
      <datafield ind1=" " ind2="1" tag="264">
         <subfield code="a">Philadelphia, PA :</subfield>
         <subfield code="b">Elsevier/Saunders,</subfield>
         <subfield code="c">[2015]</subfield>
      </datafield>
      <datafield ind1=" " ind2="4" tag="264">
         <subfield code="c">©2015</subfield>
      </datafield>
      <datafield ind1=" " ind2=" " tag="300">
         <subfield code="a">1 online resource :</subfield>
         <subfield code="b">illustrations (chiefly color).</subfield>
      </datafield>
      <datafield ind1=" " ind2=" " tag="336">
         <subfield code="a">text</subfield>
         <subfield code="2">rdacontent</subfield>
         <subfield code="0">http://id.loc.gov/vocabulary/contentTypes/txt</subfield>
      </datafield>
      <datafield ind1=" " ind2=" " tag="337">
         <subfield code="a">unmediated</subfield>
         <subfield code="2">rdamedia</subfield>
         <subfield code="0">http://id.loc.gov/vocabulary/mediaTypes/n</subfield>
      </datafield>
      <datafield ind1=" " ind2=" " tag="338">
         <subfield code="a">volume</subfield>
         <subfield code="2">rdacarrier</subfield>
         <subfield code="0">http://id.loc.gov/vocabulary/carriers/nc</subfield>
      </datafield>
      <datafield ind1="1" ind2=" " tag="490">
         <subfield code="a">Foundations in diagnostic pathology</subfield>
      </datafield>
      <datafield ind1=" " ind2=" " tag="504">
         <subfield code="a">Includes bibliographical references.</subfield>
      </datafield>
      <datafield ind1="0" ind2=" " tag="505">
         <subfield code="a">Nonneoplastic diseases of the prostate / Kiril Trpkov -- Neoplastic diseases of the prostate / Ming Zhou, Cristina Magi-Galluzzi -- Nonneoplastic diseases of the urinary bladder / Fang-Ming Deng, Jonathan Melamed -- Neoplasms of the urinary bladder / Jesse K. McKenney, Ming Zhou, Cristina Magi-Galluzzi -- Nonneoplastic diseases of the kidney / Stephen M. Bonsib -- Neoplasms of the kidney / Ming Zhou, Eyas M. Hattab, John N. Eble, Liang Cheng -- Introduction to renal biopsy / Laura Barisoni, Lois J. Arend, David B. Thomas -- Diseases of the ureter and renal pelvis / Ximing J. Yang -- Diseases of penis, urethra, and scrotum / Rajal B. Shah -- Nonneoplastic diseases of the testis / Cristina Magi-Galluzzi, Howard S. Levin -- Neoplasms of the testis / Charles C. Guo.</subfield>
      </datafield>
      <datafield ind1=" " ind2=" " tag="506">
         <subfield code="a">Access restricted to authorized users and institutions.</subfield>
      </datafield>
      <datafield ind1=" " ind2=" " tag="588">
         <subfield code="a">Description based on online resource; title from digital title page (ClinicalKey, viewed on December 15, 2014).</subfield>
      </datafield>
      <datafield ind1=" " ind2=" " tag="596">
         <subfield code="a">44</subfield>
      </datafield>
      <datafield ind1=" " ind2="0" tag="650">
         <subfield code="a">Genitourinary organs</subfield>
         <subfield code="x">Diseases.</subfield>
         <subfield code="0">http://id.loc.gov/authorities/subjects/sh85053898</subfield>
      </datafield>
      <datafield ind1="1" ind2="2" tag="650">
         <subfield code="a">Female Urogenital Diseases</subfield>
         <subfield code="x">pathology.</subfield>
         <subfield code="0">http://id.nlm.nih.gov/mesh/D052776Q000473</subfield>
      </datafield>
      <datafield ind1="1" ind2="2" tag="650">
         <subfield code="a">Male Urogenital Diseases</subfield>
         <subfield code="x">pathology.</subfield>
         <subfield code="0">http://id.nlm.nih.gov/mesh/D052801Q000473</subfield>
      </datafield>
      <datafield ind1="2" ind2="2" tag="650">
         <subfield code="a">Urogenital Neoplasms.</subfield>
         <subfield code="0">http://id.nlm.nih.gov/mesh/D014565</subfield>
      </datafield>
      <datafield ind1="2" ind2="2" tag="650">
         <subfield code="a">Urogenital System</subfield>
         <subfield code="x">pathology.</subfield>
         <subfield code="0">http://id.nlm.nih.gov/mesh/D014566Q000473</subfield>
      </datafield>
      <datafield ind1="1" ind2=" " tag="700">
         <subfield code="a">Zhou, Ming</subfield>
         <subfield code="c">(Pathologist),</subfield>
         <subfield code="e">editor.</subfield>
         <subfield code="0">http://id.loc.gov/authorities/names/n2006002557</subfield>
         <subfield code="0">http://viaf.org/viaf/68350263</subfield>
      </datafield>
      <datafield ind1="1" ind2=" " tag="700">
         <subfield code="a">Magi-Galluzzi, Cristina,</subfield>
         <subfield code="e">editor.</subfield>
         <subfield code="0">http://id.loc.gov/authorities/names/n2006002549</subfield>
         <subfield code="0">http://viaf.org/viaf/56032039</subfield>
      </datafield>
      <datafield ind1=" " ind2=" " tag="758">
         <subfield code="0">http://worldcat.org/entity/work/id/3078871</subfield>
      </datafield>
      <datafield ind1="0" ind2=" " tag="787">
         <subfield code="n">OCLC Work Id</subfield>
         <subfield code="o">http://worldcat.org/entity/work/id/3078871</subfield>
      </datafield>
      <datafield ind1=" " ind2="0" tag="830">
         <subfield code="a">Foundations in diagnostic pathology.</subfield>
         <subfield code="0">http://id.loc.gov/authorities/names/no2005047449</subfield>
      </datafield>
      <datafield ind1="4" ind2="0" tag="856">
         <subfield code="3">University of Alberta Access</subfield>
         <subfield code="u">https://www.clinicalkey.com/dura/browse/bookChapter/3-s2.0-C20120066203</subfield>
         <subfield code="z">(Unlimited Concurrent Users)</subfield>
      </datafield>
      <datafield ind1=" " ind2=" " tag="949">
         <subfield code="h">UAIN</subfield>
         <subfield code="z">CKEY</subfield>
      </datafield>
      <datafield ind1=" " ind2=" " tag="926">
         <subfield code="a">Internet Access</subfield>
         <subfield code="w">LC</subfield>
         <subfield code="c">1</subfield>
         <subfield code="i">6799461-1001</subfield>
         <subfield code="l">INTERNET</subfield>
         <subfield code="m">UAINTERNET</subfield>
         <subfield code="r">Y</subfield>
         <subfield code="s">Y</subfield>
         <subfield code="t">E-RESOURCE</subfield>
         <subfield code="u">2/5/2015</subfield>
         <subfield code="x">E-BOOK</subfield>
         <subfield code="z">CKEY</subfield>
      </datafield>
   </record>
</collection>
